<?xml version="1.0" encoding="UTF-8"?><collection xmlns="http://www.loc.gov/MARC21/slim"><record><leader>00368nam--2200121-i-4500</leader><controlfield tag="001">000006276</controlfield><controlfield tag="002">20161230</controlfield><controlfield tag="005">20161230201026</controlfield><controlfield tag="008">060222s1000------------r-----000-0-eng-d</controlfield><datafield ind1=" " ind2=" " tag="100"><subfield code="a">Bartosek, V</subfield></datafield><datafield ind1=" " ind2=" " tag="245"><subfield code="a">O prechodovych stavech reaktoru pri vymene clanku. cast 3: vymena s usporou zasoby reaktivity</subfield></datafield><datafield ind1=" " ind2=" " tag="260"><subfield code="a">Praha,, Ustav Jaderneho Vyzkumu, 1963 13 P</subfield></datafield><datafield ind1=" " ind2=" " tag="852"><subfield code="a">18738</subfield></datafield></record></collection>